@article{darpa1,
 author = {Hughes, Jeffrey and Sparks, Cassandra and Stoughton, Alley and Parikh, Rinku and Reuther, Albert and Jagannathan, Suresh},
 title = {Building Resource Adaptive Software Systems (BRASS): Objectives and System Evaluation},
 journal = {SIGSOFT Softw. Eng. Notes},
 issue_date = {January 2016},
 volume = {41},
 number = {1},
 month = feb,
 year = {2016},
 issn = {0163-5948},
 pages = {1--2},
 numpages = {2},
 url = {http://doi.acm.org/10.1145/2853073.2853081},
 doi = {10.1145/2853073.2853081},
 acmid = {2853081},
 publisher = {ACM},
 address = {New York, NY, USA},
} 

@article{selfAdaptation1,
 author = {Salehie, Mazeiar and Tahvildari, Ladan},
 title = {Self-adaptive Software: Landscape and Research Challenges},
 journal = {ACM Trans. Auton. Adapt. Syst.},
 issue_date = {May 2009},
 volume = {4},
 number = {2},
 month = may,
 year = {2009},
 issn = {1556-4665},
 pages = {14:1--14:42},
 articleno = {14},
 numpages = {42},
 url = {http://doi.acm.org/10.1145/1516533.1516538},
 doi = {10.1145/1516533.1516538},
 acmid = {1516538},
 publisher = {ACM},
 address = {New York, NY, USA},
 keywords = {Adaptation processes, research challenges, self-adaptive software, self-properties, survey}
} 

@article{selfAdaptation2,
 author = {Krupitzer, Christian and Roth, Felix Maximilian and VanSyckel, Sebastian and Schiele, Gregor and Becker, Christian},
 title = {A Survey on Engineering Approaches for Self-adaptive Systems},
 journal = {Pervasive Mob. Comput.},
 issue_date = {February 2015},
 volume = {17},
 number = {PB},
 month = feb,
 year = {2015},
 issn = {1574-1192},
 pages = {184--206},
 numpages = {23},
 url = {http://dx.doi.org/10.1016/j.pmcj.2014.09.009},
 doi = {10.1016/j.pmcj.2014.09.009},
 acmid = {2952331},
 publisher = {Elsevier Science Publishers B. V.},
 address = {Amsterdam, The Netherlands, The Netherlands},
 keywords = {Context adaptation, Self-adaptation, Self-adaptive systems, Survey, Taxonomy}
} 

@article{modelBasedAdaptation,
 author = {Karsai, Gabor and Sztipanovits, Janos},
 title = {A Model-Based Approach to Self-Adaptive Software},
 journal = {IEEE Intelligent Systems},
 issue_date = {May 1999},
 volume = {14},
 number = {3},
 month = may,
 year = {1999},
 issn = {1541-1672},
 pages = {46--53},
 numpages = {8},
 url = {http://dx.doi.org/10.1109/5254.769884},
 doi = {10.1109/5254.769884},
 acmid = {630459},
 publisher = {IEEE Educational Activities Department},
 address = {Piscataway, NJ, USA}
} 

@article{architectureBasedAdaptation,
 author = {Oreizy, Peyman and Gorlick, Michael M. and Taylor, Richard N. and Heimbigner, Dennis and Johnson, Gregory and Medvidovic, Nenad and Quilici, Alex and Rosenblum, David S. and Wolf, Alexander L.},
 title = {An Architecture-Based Approach to Self-Adaptive Software},
 journal = {IEEE Intelligent Systems},
 issue_date = {May 1999},
 volume = {14},
 number = {3},
 month = may,
 year = {1999},
 issn = {1541-1672},
 pages = {54--62},
 numpages = {9},
 url = {http://dx.doi.org/10.1109/5254.769885},
 doi = {10.1109/5254.769885},
 acmid = {630460},
 publisher = {IEEE Educational Activities Department},
 address = {Piscataway, NJ, USA}
} 

@inproceedings{pricieley,
 author = {Hodov\'{a}n, Ren\'{a}ta and Kiss, \'{A}kos},
 title = {Modernizing Hierarchical Delta Debugging},
 booktitle = {Proceedings of the 7th International Workshop on Automating Test Case Design, Selection, and Evaluation},
 series = {A-TEST 2016},
 year = {2016},
 isbn = {978-1-4503-4401-2},
 location = {Seattle, WA, USA},
 pages = {31--37},
 numpages = {7},
 url = {http://doi.acm.org/10.1145/2994291.2994296},
 doi = {10.1145/2994291.2994296},
 acmid = {2994296},
 publisher = {ACM},
 address = {New York, NY, USA},
 keywords = {Extended Context-free Grammars, Hierarchical Delta Debugging, Parallel}
}


@inproceedings{hddOriginal,
 author = {Misherghi, Ghassan and Su, Zhendong},
 title = {HDD: Hierarchical Delta Debugging},
 booktitle = {Proceedings of the 28th International Conference on Software Engineering},
 series = {ICSE '06},
 year = {2006},
 isbn = {1-59593-375-1},
 location = {Shanghai, China},
 pages = {142--151},
 numpages = {10},
 url = {http://doi.acm.org/10.1145/1134285.1134307},
 doi = {10.1145/1134285.1134307},
 acmid = {1134307},
 publisher = {ACM},
 address = {New York, NY, USA},
 keywords = {automated debugging, delta debugging},
}


@inproceedings{chipperJ,
 author = {Sterling, Chad D. and Olsson, Ronald A.},
 title = {Automated Bug Isolation via Program Chipping},
 booktitle = {Proceedings of the Sixth International Symposium on Automated Analysis-driven Debugging},
 series = {AADEBUG'05},
 year = {2005},
 isbn = {1-59593-050-7},
 location = {Monterey, California, USA},
 pages = {23--32},
 numpages = {10},
 url = {http://doi.acm.org/10.1145/1085130.1085134},
 doi = {10.1145/1085130.1085134},
 acmid = {1085134},
 publisher = {ACM},
 address = {New York, NY, USA},
 keywords = {bug isolation, data slicing, debugging, program chipping, program slicing},
} 

@article{ddOriginal,
 author = {Zeller, Andreas and Hildebrandt, Ralf},
 title = {Simplifying and Isolating Failure-Inducing Input},
 journal = {IEEE Trans. Softw. Eng.},
 issue_date = {February 2002},
 volume = {28},
 number = {2},
 month = feb,
 year = {2002},
 issn = {0098-5589},
 pages = {183--200},
 numpages = {18},
 url = {http://dx.doi.org/10.1109/32.988498},
 doi = {10.1109/32.988498},
 acmid = {506206},
 publisher = {IEEE Press},
 address = {Piscataway, NJ, USA},
 keywords = {Automated debugging, debugging aids, testing tools, combinatorial testing, diagnostics, tracing.},
} 

@inproceedings{cReduce,
 author = {Regehr, John and Chen, Yang and Cuoq, Pascal and Eide, Eric and Ellison, Chucky and Yang, Xuejun},
 title = {Test-case Reduction for C Compiler Bugs},
 booktitle = {Proceedings of the 33rd ACM SIGPLAN Conference on Programming Language Design and Implementation},
 series = {PLDI '12},
 year = {2012},
 isbn = {978-1-4503-1205-9},
 location = {Beijing, China},
 pages = {335--346},
 numpages = {12},
 url = {http://doi.acm.org/10.1145/2254064.2254104},
 doi = {10.1145/2254064.2254104},
 acmid = {2254104},
 publisher = {ACM},
 address = {New York, NY, USA},
 keywords = {automated testing, bug reporting, compiler defect, compiler testing, random testing, test-case minimization},
} 

@misc{junitHome,
   title = "JUnit home page",
      url = "https://en.wikipedia.org/w/index.php?title=LaTeX&oldid=413720397"
      
 }
 
@misc{darpa2,
   title = "DARPA news article",
      url = "http://www.darpa.mil/news-events/2015-04-08"
      
 }
 
@misc{javaparser,
   title = "Java Parser",
      url = "http://javaparser.org/"
      
 }
 
@misc{netbeans,
title="NetBeans IDE",
url = "https://netbeans.org/"
 }

@misc{bug45011,
title="Netbeans IDE bug 45011",
url="https://netbeans.org/bugzilla/show_bug.cgi?id=50411"
}

@misc{ldtp,
title="Linux Desktop Project",
url="https://ldtp.freedesktop.org/wiki/"
}
 
@misc{jmap,
title="JMap",
url="http://docs.oracle.com/javase/7/docs/technotes/tools/share/jmap.html"

}
 
@article{mutation,
 author = {DeMillo, R. A. and Lipton, R. J. and Sayward, F. G.},
 title = {Hints on Test Data Selection: Help for the Practicing Programmer},
 journal = {Computer},
 issue_date = {April 1978},
 volume = {11},
 number = {4},
 month = apr,
 year = {1978},
 issn = {0018-9162},
 pages = {34--41},
 numpages = {8},
 url = {http://dx.doi.org/10.1109/C-M.1978.218136},
 doi = {10.1109/C-M.1978.218136},
 acmid = {1301357},
 publisher = {IEEE Computer Society Press},
 address = {Los Alamitos, CA, USA},
}  

@inproceedings{sdlMutation,
 author = {Deng, Lin and Offutt, Jeff and Li, Nan},
 title = {Empirical Evaluation of the Statement Deletion Mutation Operator},
 booktitle = {Proceedings of the 2013 IEEE Sixth International Conference on Software Testing, Verification and Validation},
 series = {ICST '13},
 year = {2013},
 isbn = {978-0-7695-4968-2},
 pages = {84--93},
 numpages = {10},
 url = {http://dx.doi.org/10.1109/ICST.2013.20},
 doi = {10.1109/ICST.2013.20},
 acmid = {2511589},
 publisher = {IEEE Computer Society},
 address = {Washington, DC, USA},
 keywords = {Method-level Mutation Operators, Empirical Study, Statement Deletion Mutation Operator},
} 

